%NA64 REFERENCE

@article{Krasnikov:2019dgh,
      author         = "Krasnikov, N. V.",
      title          = "{Implications of last NA64 results and the electron
                        $g_{e}-2$ anomaly for the X(16.7) boson survival}",
      year           = "2019",
      eprint         = "1912.11689",
      archivePrefix  = "arXiv",
      primaryClass   = "hep-ph",
      SLACcitation   = "%%CITATION = ARXIV:1912.11689;%%"
}

@article{Volkov:2019qhb,
      author         = "Volkov, V. {\relax Yu}. and Volkov, P. V. and Enik, T. L.
                        and Kekelidze, G. D. and Kramarenko, V. A. and Lysan, V.
                        M. and Peshekhonov, D. V. and Solin, A. A. and Solin, A.
                        V.",
      title          = "{Straw Chambers for the NA64 Experiment}",
      journal        = "Phys. Part. Nucl. Lett.",
      volume         = "16",
      year           = "2019",
      number         = "6",
      pages          = "847-858",
      doi            = "10.1134/S1547477119060554",
      SLACcitation   = "%%CITATION = 00438,16,847;%%"
}

@article{Banerjee:2019hmi,
      author         = "Banerjee, D. and others",
      title          = "{Improved limits on a hypothetical $X(16.7)$ boson and a
                        dark photon decaying into $e^+e^-$ pairs}",
      collaboration  = "NA64",
      year           = "2019",
      eprint         = "1912.11389",
      archivePrefix  = "arXiv",
      primaryClass   = "hep-ex",
      reportNumber   = "CERN-EP-2019-284",
      SLACcitation   = "%%CITATION = ARXIV:1912.11389;%%"
}

@inproceedings{Bernhard:2019jqz,
      author         = "Bernhard, Johannes and others",
      title          = "{Studies for New Experiments at the CERN M2 Beamline
                        within "Physics Beyond Colliders": AMBER/COMPASS++,
                        NA64$\mu$, MuonE}",
      booktitle      = "{15th International Conference on Meson-Nucleon Physics
                        and the Structure of the Nucleon (MENU 2019) Pittsburgh,
                        Pennsylvania, USA, June 2-7, 2019}",
      year           = "2019",
      eprint         = "1911.01498",
      archivePrefix  = "arXiv",
      primaryClass   = "hep-ex",
      SLACcitation   = "%%CITATION = ARXIV:1911.01498;%%"
}

@inproceedings{Banerjee:2019dyo,
      author         = "Banerjee, Dipanwita",
      title          = "{Search for Dark Sector Physics at the NA64 experiment in
                        the context of the Physics Beyond Colliders Project}",
      booktitle      = "{29th International Conference on Lepton and Photon
                        Interactions (LP2019) Toronto, Ontario, Canada, August
                        5-10, 2019}",
      collaboration  = "NA64, Physics Beyond Colliders Conventional Beams Working
                        Group",
      year           = "2019",
      eprint         = "1909.04363",
      archivePrefix  = "arXiv",
      primaryClass   = "hep-ex",
      SLACcitation   = "%%CITATION = ARXIV:1909.04363;%%"
}

@article{NA64:2019imj,
      author         = "Banerjee, D. and others",
      title          = "{Dark matter search in missing energy events with NA64}",
      journal        = "Phys. Rev. Lett.",
      volume         = "123",
      year           = "2019",
      number         = "12",
      pages          = "121801",
      doi            = "10.1103/PhysRevLett.123.121801",
      eprint         = "1906.00176",
      archivePrefix  = "arXiv",
      primaryClass   = "hep-ex",
      reportNumber   = "CERN-EP-2019-116",
      SLACcitation   = "%%CITATION = ARXIV:1906.00176;%%"
}

@article{Gninenko:2019qiv,
      author         = "Gninenko, S. N. and Kirpichnikov, D. V. and Kirsanov, M.
                        M. and Krasnikov, N. V.",
      title          = "{Combined search for light dark matter with electron and
                        muon beams at NA64}",
      journal        = "Phys. Lett.",
      volume         = "B796",
      year           = "2019",
      pages          = "117-122",
      doi            = "10.1016/j.physletb.2019.07.015",
      eprint         = "1903.07899",
      archivePrefix  = "arXiv",
      primaryClass   = "hep-ph",
      SLACcitation   = "%%CITATION = ARXIV:1903.07899;%%"
}

%X-BOSON ANOMALY REFERENCE

@article{Krasznahorkay:2015iga,
      author         = "Krasznahorkay, A. J. and others",
      title          = "{Observation of Anomalous Internal Pair Creation in Be8 :
                        A Possible Indication of a Light, Neutral Boson}",
      journal        = "Phys. Rev. Lett.",
      volume         = "116",
      year           = "2016",
      number         = "4",
      pages          = "042501",
      doi            = "10.1103/PhysRevLett.116.042501",
      eprint         = "1504.01527",
      archivePrefix  = "arXiv",
      primaryClass   = "nucl-ex",
      SLACcitation   = "%%CITATION = ARXIV:1504.01527;%%"
}

@article{Krasznahorkay:2019lyl,
      author         = "Krasznahorkay, A. J. and others",
      title          = "{New evidence supporting the existence of the hypothetic
                        X17 particle}",
      year           = "2019",
      eprint         = "1910.10459",
      archivePrefix  = "arXiv",
      primaryClass   = "nucl-ex",
      SLACcitation   = "%%CITATION = ARXIV:1910.10459;%%"
}

@article{Nam:2019osu,
      author         = "Nam, Cao H.",
      title          = "{17 MeV Atomki anomaly from short-distance structure of
                        spacetime}",
      year           = "2019",
      eprint         = "1907.09819",
      archivePrefix  = "arXiv",
      primaryClass   = "hep-ph",
      SLACcitation   = "%%CITATION = ARXIV:1907.09819;%%"
}

@article{Feng:2016jff,
      author         = "Feng, Jonathan L. and Fornal, Bartosz and Galon, Iftah
                        and Gardner, Susan and Smolinsky, Jordan and Tait, Tim M.
                        P. and Tanedo, Philip",
      title          = "{Protophobic Fifth-Force Interpretation of the Observed
                        Anomaly in $^8$Be Nuclear Transitions}",
      journal        = "Phys. Rev. Lett.",
      volume         = "117",
      year           = "2016",
      number         = "7",
      pages          = "071803",
      doi            = "10.1103/PhysRevLett.117.071803",
      eprint         = "1604.07411",
      archivePrefix  = "arXiv",
      primaryClass   = "hep-ph",
      reportNumber   = "UCI-TR-2016-09",
      SLACcitation   = "%%CITATION = ARXIV:1604.07411;%%"
}
